@inproceedings{DBLP:conf/acl/SiMLLLD13,
  author    = {Jianfeng Si and
               Arjun Mukherjee and
               Bing Liu and
               Qing Li and
               Huayi Li and
               Xiaotie Deng},
  title     = {Exploiting Topic based Twitter Sentiment for Stock Prediction},
  booktitle = {ACL (2)},
  year      = {2013},
  pages     = {24-29},
  ee        = {http://aclweb.org/anthology/P/P13/P13-2005.pdf},
  crossref  = {DBLP:conf/acl/2013-2},
  bibsource = {DBLP, http://dblp.uni-trier.de}
}

@inproceedings{Sakaki:2010:EST:1772690.1772777,
 author = {Sakaki, Takeshi and Okazaki, Makoto and Matsuo, Yutaka},
 title = {Earthquake Shakes Twitter Users: Real-time Event Detection by Social Sensors},
 booktitle = {Proceedings of the 19th International Conference on World Wide Web},
 series = {WWW '10},
 year = {2010},
 isbn = {978-1-60558-799-8},
 location = {Raleigh, North Carolina, USA},
 pages = {851--860},
 numpages = {10},
 url = {http://doi.acm.org/10.1145/1772690.1772777},
 doi = {10.1145/1772690.1772777},
 acmid = {1772777},
 publisher = {ACM},
 address = {New York, NY, USA},
 keywords = {Twitter, earthquake, event detection, location estimation, social sensor},
}

@inproceedings{Han:2011:LNS:2002472.2002520,
 author = {Han, Bo and Baldwin, Timothy},
 title = {Lexical Normalisation of Short Text Messages: Makn Sens a \#Twitter},
 booktitle = {Proceedings of the 49th Annual Meeting of the Association for Computational Linguistics: Human Language Technologies - Volume 1},
 series = {HLT '11},
 year = {2011},
 isbn = {978-1-932432-87-9},
 location = {Portland, Oregon},
 pages = {368--378},
 numpages = {11},
 url = {http://dl.acm.org/citation.cfm?id=2002472.2002520},
 acmid = {2002520},
 publisher = {Association for Computational Linguistics},
 address = {Stroudsburg, PA, USA},
}

@proceedings{DBLP:conf/acl/2013-2,
  title     = {Proceedings of the 51st Annual Meeting of the Association
               for Computational Linguistics, ACL 2013, 4-9 August 2013,
               Sofia, Bulgaria, Volume 2: Short Papers},
  booktitle = {ACL (2)},
  publisher = {The Association for Computer Linguistics},
  year      = {2013},
  isbn      = {978-1-937284-51-0},
  ee        = {http://aclweb.org/anthology//P/P13/},
  bibsource = {DBLP, http://dblp.uni-trier.de}
}

@inproceedings{DBLP:conf/naacl/OwoputiODGSS13,
  author    = {Olutobi Owoputi and
               Brendan O'Connor and
               Chris Dyer and
               Kevin Gimpel and
               Nathan Schneider and
               Noah A. Smith},
  title     = {Improved Part-of-Speech Tagging for Online Conversational
               Text with Word Clusters},
  booktitle = {HLT-NAACL},
  year      = {2013},
  pages     = {380-390},
  ee        = {http://aclweb.org/anthology/N/N13/N13-1039.pdf},
  crossref  = {DBLP:conf/naacl/2013},
  bibsource = {DBLP, http://dblp.uni-trier.de}
}

@proceedings{DBLP:conf/naacl/2013,
  title     = {Human Language Technologies: Conference of the North American
               Chapter of the Association of Computational Linguistics,
               Proceedings, June 9-14, 2013, Westin Peachtree Plaza Hotel,
               Atlanta, Georgia, USA},
  booktitle = {HLT-NAACL},
  publisher = {The Association for Computational Linguistics},
  year      = {2013},
  bibsource = {DBLP, http://dblp.uni-trier.de}
}
@inproceedings{DBLP:conf/wsdm/YangL11,
  author    = {Jaewon Yang and
               Jure Leskovec},
  title     = {Patterns of temporal variation in online media},
  booktitle = {WSDM},
  year      = {2011},
  pages     = {177-186},
  ee        = {http://doi.acm.org/10.1145/1935826.1935863},
  crossref  = {DBLP:conf/wsdm/2011},
  bibsource = {DBLP, http://dblp.uni-trier.de}
}

@proceedings{DBLP:conf/wsdm/2011,
  editor    = {Irwin King and
               Wolfgang Nejdl and
               Hang Li},
  title     = {Proceedings of the Forth International Conference on Web
               Search and Web Data Mining, WSDM 2011, Hong Kong, China,
               February 9-12, 2011},
  booktitle = {WSDM},
  publisher = {ACM},
  year      = {2011},
  isbn      = {978-1-4503-0493-1},
  bibsource = {DBLP, http://dblp.uni-trier.de}
}

@inproceedings{ritter2010unsupervised,
  added-at = {2011-09-22T11:47:41.000+0200},
  author = {Ritter, A. and Cherry, C. and Dolan, B.},
  biburl = {http://www.bibsonomy.org/bibtex/264d29244a031e4e48cb33676c232a501/becker},
  booktitle = {Human Language Technologies: The 2010 Annual Conference of the North American Chapter of the Association for Computational Linguistics},
  interhash = {623c69c646a6d299f29c8c1c35b9cc31},
  intrahash = {64d29244a031e4e48cb33676c232a501},
  keywords = {},
  organization = {Association for Computational Linguistics},
  pages = {172--180},
  title = {Unsupervised modeling of twitter conversations},
  url = "\url{http://scholar.google.de/scholar.bib?q=info:5hTIjtmFJKAJ:scholar.google.com/&output=citation&hl=de&as_sdt=0&ct=citation&cd=67}",
  year = 2010
}


@inproceedings{Gimpel:2011:PTT:2002736.2002747,
 author = {Gimpel, Kevin and Schneider, Nathan and O'Connor, Brendan and Das, Dipanjan and Mills, Daniel and Eisenstein, Jacob and Heilman, Michael and Yogatama, Dani and Flanigan, Jeffrey and Smith, Noah A.},
 title = {Part-of-speech Tagging for Twitter: Annotation, Features, and Experiments},
 booktitle = {Proceedings of the 49th Annual Meeting of the Association for Computational Linguistics: Human Language Technologies: Short Papers - Volume 2},
 series = {HLT '11},
 year = {2011},
 isbn = {978-1-932432-88-6},
 location = {Portland, Oregon},
 pages = {42--47},
 numpages = {6},
 url = {http://dl.acm.org/citation.cfm?id=2002736.2002747},
 acmid = {2002747},
 publisher = {Association for Computational Linguistics},
 address = {Stroudsburg, PA, USA},
}

@inproceedings{DBLP:conf/acl/HassanM13,
  author    = {Hany Hassan and
               Arul Menezes},
  title     = {Social Text Normalization using Contextual Graph Random
               Walks},
  booktitle = {ACL (1)},
  year      = {2013},
  pages     = {1577-1586},
  ee        = {http://aclweb.org/anthology/P/P13/P13-1155.pdf},
  crossref  = {DBLP:conf/acl/2013-1},
  bibsource = {DBLP, http://dblp.uni-trier.de}
}
@proceedings{DBLP:conf/acl/2013-1,
  title     = {Proceedings of the 51st Annual Meeting of the Association
               for Computational Linguistics, ACL 2013, 4-9 August 2013,
               Sofia, Bulgaria, Volume 1: Long Papers},
  booktitle = {ACL (1)},
  publisher = {The Association for Computer Linguistics},
  year      = {2013},
  isbn      = {978-1-937284-50-3},
  ee        = {http://aclweb.org/anthology//P/P13/},
  bibsource = {DBLP, http://dblp.uni-trier.de}
}


@inproceedings{DBLP:conf/acl/Danescu-Niculescu-MizilSJLP13,
  author    = {Cristian Danescu-Niculescu-Mizil and
               Moritz Sudhof and
               Dan Jurafsky and
               Jure Leskovec and
               Christopher Potts},
  title     = {A computational approach to politeness with application
               to social factors},
  booktitle = {ACL (1)},
  year      = {2013},
  pages     = {250-259},
  ee        = {http://aclweb.org/anthology/P/P13/P13-1025.pdf},
  crossref  = {DBLP:conf/acl/2013-1},
  bibsource = {DBLP, http://dblp.uni-trier.de}
}

@proceedings{DBLP:conf/acl/2013-1,
  title     = {Proceedings of the 51st Annual Meeting of the Association
               for Computational Linguistics, ACL 2013, 4-9 August 2013,
               Sofia, Bulgaria, Volume 1: Long Papers},
  booktitle = {ACL (1)},
  publisher = {The Association for Computer Linguistics},
  year      = {2013},
  isbn      = {978-1-937284-50-3},
  ee        = {http://aclweb.org/anthology//P/P13/},
  bibsource = {DBLP, http://dblp.uni-trier.de}
}
